
@InProceedings{	  berger:2010,
  author	= {Wolfgang Berger and Harald Piringer},
  booktitle	= {2010 {IEEE} Symposium on Visual Analytics Science and
		  Technology},
  date-added	= {2015-02-09 13:40:42 +0000},
  date-modified	= {2015-02-09 13:41:04 +0000},
  doi		= {10.1109/vast.2010.5651694},
  keywords	= {visualization, Multi-objective},
  month		= {oct},
  publisher	= {{IEEE}},
  title		= {Interactive visual analysis of multiobjective
		  optimizations},
  url		= {http://dx.doi.org/10.1109/vast.2010.5651694},
  year		= 2010,
  bdsk-file-1	= {YnBsaXN0MDDUAQIDBAUGJCVYJHZlcnNpb25YJG9iamVjdHNZJGFyY2hpdmVyVCR0b3ASAAGGoKgHCBMUFRYaIVUkbnVsbNMJCgsMDxJXTlMua2V5c1pOUy5vYmplY3RzViRjbGFzc6INDoACgAOiEBGABIAFgAdccmVsYXRpdmVQYXRoWWFsaWFzRGF0YV8QU3BhcGVycy9JbnRlcmFjdGl2ZSB2aXN1YWwgYW5hbHlzaXMgb2YgbXVsdGlvYmplY3RpdmUgb3B0aW1pemF0aW9ucyAtIEJlcmdlcjIwMTAucGRm0hcLGBlXTlMuZGF0YU8RAmYAAAAAAmYAAgAADE1hY2ludG9zaCBIRAAAAAAAAAAAAAAAAAAAANGxzRxIKwAAAViXax9JbnRlcmFjdGl2ZSB2aXN1YWwgYW4jREIwOUMucGRmAAAAAAAAAAAAAAAAAAAAAAAAAAAAAAAAAAAAAAAAAAAADbCcyl3cgwAAAAAAAAAAAAEAAwAACSAAAAAAAAAAAAAAAAAAAAAGcGFwZXJzABAACAAA0bGw/AAAABEACAAAyl3AYwAAAAEAFAFYl2sADVPFAA1TYgAFypsAAg35AAIAU01hY2ludG9zaCBIRDpVc2VyczoAdG9tOgBEcm9wYm94OgBSZXNlYXJjaDoAcGFwZXJzOgBJbnRlcmFjdGl2ZSB2aXN1YWwgYW4jREIwOUMucGRmAAAOAJoATABJAG4AdABlAHIAYQBjAHQAaQB2AGUAIAB2AGkAcwB1AGEAbAAgAGEAbgBhAGwAeQBzAGkAcwAgAG8AZgAgAG0AdQBsAHQAaQBvAGIAagBlAGMAdABpAHYAZQAgAG8AcAB0AGkAbQBpAHoAYQB0AGkAbwBuAHMAIAAtACAAQgBlAHIAZwBlAHIAMgAwADEAMAAuAHAAZABmAA8AGgAMAE0AYQBjAGkAbgB0AG8AcwBoACAASABEABIAblVzZXJzL3RvbS9Ecm9wYm94L1Jlc2VhcmNoL3BhcGVycy9JbnRlcmFjdGl2ZSB2aXN1YWwgYW5hbHlzaXMgb2YgbXVsdGlvYmplY3RpdmUgb3B0aW1pemF0aW9ucyAtIEJlcmdlcjIwMTAucGRmABMAAS8AABUAAgAK//8AAIAG0hscHR5aJGNsYXNzbmFtZVgkY2xhc3Nlc11OU011dGFibGVEYXRhox0fIFZOU0RhdGFYTlNPYmplY3TSGxwiI1xOU0RpY3Rpb25hcnmiIiBfEA9OU0tleWVkQXJjaGl2ZXLRJidUcm9vdIABAAgAEQAaACMALQAyADcAQABGAE0AVQBgAGcAagBsAG4AcQBzAHUAdwCEAI4A5ADpAPEDWwNdA2IDbQN2A4QDiAOPA5gDnQOqA60DvwPCA8cAAAAAAAACAQAAAAAAAAAoAAAAAAAAAAAAAAAAAAADyQ==},
  bdsk-url-1	= {http://dx.doi.org/10.1109/vast.2010.5651694}
}

@Article{	  sedlmair:2014,
  author	= {Michael Sedlmair and Christoph Heinzl and Stefan Bruckner
		  and Harald Piringer and Torsten M{\"o}ller},
  clean		= {1},
  date-added	= {2014-11-19 08:20:57 +0000},
  date-modified	= {2015-06-25 21:08:46 +0000},
  doi		= {10.1109/tvcg.2014.2346321},
  journal	= {{IEEE} Transactions on Visualization and Computer
		  Graphics},
  keywords	= {parameter space exploration, models},
  month		= dec,
  number	= {12},
  pages		= {2161--2170},
  publisher	= {Institute of Electrical \& Electronics Engineers ({IEEE})},
  rating	= {4},
  read		= {1},
  title		= {Visual Parameter Space Analysis: A Conceptual Framework},
  url		= {http://dx.doi.org/10.1109/tvcg.2014.2346321},
  volume	= {20},
  year		= 2014,
  bdsk-file-1	= {YnBsaXN0MDDUAQIDBAUGJCVYJHZlcnNpb25YJG9iamVjdHNZJGFyY2hpdmVyVCR0b3ASAAGGoKgHCBMUFRYaIVUkbnVsbNMJCgsMDxJXTlMua2V5c1pOUy5vYmplY3RzViRjbGFzc6INDoACgAOiEBGABIAFgAdccmVsYXRpdmVQYXRoWWFsaWFzRGF0YV8QUHBhcGVycy9WaXN1YWwgUGFyYW1ldGVyIFNwYWNlIEFuYWx5c2lzIEEgQ29uY2VwdHVhbCBGcmFtZXdvcmsgLSBTZWRsbWFpcjIwMTQucGRm0hcLGBlXTlMuZGF0YU8RAl4AAAAAAl4AAgAADE1hY2ludG9zaCBIRAAAAAAAAAAAAAAAAAAAANGxzRxIKwAAAViXax9WaXN1YWwgUGFyYW1ldGVyIFNwIzQwMTYyNEIucGRmAAAAAAAAAAAAAAAAAAAAAAAAAAAAAAAAAAAAAAAAAAAEAWJL0JIIFwAAAAAAAAAAAAEAAwAACSAAAAAAAAAAAAAAAAAAAAAGcGFwZXJzABAACAAA0bGw/AAAABEACAAA0JH6BwAAAAEAFAFYl2sADVPFAA1TYgAFypsAAg35AAIAU01hY2ludG9zaCBIRDpVc2VyczoAdG9tOgBEcm9wYm94OgBSZXNlYXJjaDoAcGFwZXJzOgBWaXN1YWwgUGFyYW1ldGVyIFNwIzQwMTYyNEIucGRmAAAOAJQASQBWAGkAcwB1AGEAbAAgAFAAYQByAGEAbQBlAHQAZQByACAAUwBwAGEAYwBlACAAQQBuAGEAbAB5AHMAaQBzACAAQQAgAEMAbwBuAGMAZQBwAHQAdQBhAGwAIABGAHIAYQBtAGUAdwBvAHIAawAgAC0AIABTAGUAZABsAG0AYQBpAHIAMgAwADEANAAuAHAAZABmAA8AGgAMAE0AYQBjAGkAbgB0AG8AcwBoACAASABEABIAa1VzZXJzL3RvbS9Ecm9wYm94L1Jlc2VhcmNoL3BhcGVycy9WaXN1YWwgUGFyYW1ldGVyIFNwYWNlIEFuYWx5c2lzIEEgQ29uY2VwdHVhbCBGcmFtZXdvcmsgLSBTZWRsbWFpcjIwMTQucGRmAAATAAEvAAAVAAIACv//AACABtIbHB0eWiRjbGFzc25hbWVYJGNsYXNzZXNdTlNNdXRhYmxlRGF0YaMdHyBWTlNEYXRhWE5TT2JqZWN00hscIiNcTlNEaWN0aW9uYXJ5oiIgXxAPTlNLZXllZEFyY2hpdmVy0SYnVHJvb3SAAQAIABEAGgAjAC0AMgA3AEAARgBNAFUAYABnAGoAbABuAHEAcwB1AHcAhACOAOEA5gDuA1ADUgNXA2IDawN5A30DhAONA5IDnwOiA7QDtwO8AAAAAAAAAgEAAAAAAAAAKAAAAAAAAAAAAAAAAAAAA74=},
  bdsk-url-1	= {http://dx.doi.org/10.1109/tvcg.2014.2346321}
}

@Article{	  gratzl:2013,
  author	= {Samuel Gratzl and Alexander Lex and Nils Gehlenborg and
		  Hanspeter Pfister and Marc Streit},
  date-added	= {2013-07-31 11:29:00 +0000},
  date-modified	= {2013-12-17 20:27:51 +0000},
  journal	= {IEEE Transactions on Visualization and Computer Graphics},
  keywords	= {Visualization, Multi-objective, Optimization},
  month		= dec,
  rating	= {4},
  read		= {1},
  title		= {LineUp: Visual analysis of multi-attribute rankings},
  year		= {2013},
  bdsk-file-1	= {YnBsaXN0MDDUAQIDBAUGJCVYJHZlcnNpb25YJG9iamVjdHNZJGFyY2hpdmVyVCR0b3ASAAGGoKgHCBMUFRYaIVUkbnVsbNMJCgsMDxJXTlMua2V5c1pOUy5vYmplY3RzViRjbGFzc6INDoACgAOiEBGABIAFgAdccmVsYXRpdmVQYXRoWWFsaWFzRGF0YV8QSnBhcGVycy9MaW5lVXAgVmlzdWFsIGFuYWx5c2lzIG9mIG11bHRpLWF0dHJpYnV0ZSByYW5raW5ncyAtIEdyYXR6bDIwMTMucGRm0hcLGBlXTlMuZGF0YU8RAkwAAAAAAkwAAgAADE1hY2ludG9zaCBIRAAAAAAAAAAAAAAAAAAAANGxzRxIKwAAAViXax9MaW5lVXAgVmlzdWFsIGFuYWx5IzFCREUxQzIucGRmAAAAAAAAAAAAAAAAAAAAAAAAAAAAAAAAAAAAAAAAAAABveHCztZnfAAAAAAAAAAAAAEAAwAACSAAAAAAAAAAAAAAAAAAAAAGcGFwZXJzABAACAAA0bGw/AAAABEACAAAztZZbAAAAAEAFAFYl2sADVPFAA1TYgAFypsAAg35AAIAU01hY2ludG9zaCBIRDpVc2VyczoAdG9tOgBEcm9wYm94OgBSZXNlYXJjaDoAcGFwZXJzOgBMaW5lVXAgVmlzdWFsIGFuYWx5IzFCREUxQzIucGRmAAAOAIgAQwBMAGkAbgBlAFUAcAAgAFYAaQBzAHUAYQBsACAAYQBuAGEAbAB5AHMAaQBzACAAbwBmACAAbQB1AGwAdABpAC0AYQB0AHQAcgBpAGIAdQB0AGUAIAByAGEAbgBrAGkAbgBnAHMAIAAtACAARwByAGEAdAB6AGwAMgAwADEAMwAuAHAAZABmAA8AGgAMAE0AYQBjAGkAbgB0AG8AcwBoACAASABEABIAZVVzZXJzL3RvbS9Ecm9wYm94L1Jlc2VhcmNoL3BhcGVycy9MaW5lVXAgVmlzdWFsIGFuYWx5c2lzIG9mIG11bHRpLWF0dHJpYnV0ZSByYW5raW5ncyAtIEdyYXR6bDIwMTMucGRmAAATAAEvAAAVAAIACv//AACABtIbHB0eWiRjbGFzc25hbWVYJGNsYXNzZXNdTlNNdXRhYmxlRGF0YaMdHyBWTlNEYXRhWE5TT2JqZWN00hscIiNcTlNEaWN0aW9uYXJ5oiIgXxAPTlNLZXllZEFyY2hpdmVy0SYnVHJvb3SAAQAIABEAGgAjAC0AMgA3AEAARgBNAFUAYABnAGoAbABuAHEAcwB1AHcAhACOANsA4ADoAzgDOgM/A0oDUwNhA2UDbAN1A3oDhwOKA5wDnwOkAAAAAAAAAgEAAAAAAAAAKAAAAAAAAAAAAAAAAAAAA6Y=}
}
